
@Book{,
  author          = {Churchill},
  title           = {Complex Variables and Applications },
  year            = {2013},
  key          = {Churchill2013},
  OPTeditor       = {},
  OPTeditora      = {},
  OPTeditorb      = {},
  OPTeditorc      = {},
  OPTtranslator   = {},
  OPTannotator    = {},
  OPTcommentator  = {},
  OPTintroduction = {},
  OPTforeword     = {},
  OPTafterword    = {},
  OPTsubtitle     = {},
  OPTtitleaddon   = {},
  OPTmaintitle    = {},
  OPTmainsubtitle = {},
  OPTmaintitleaddon = {},
  OPTlanguage     = {},
  OPToriglanguage = {},
  OPTvolume       = {},
  OPTpart         = {},
  OPTedition      = {},
  OPTvolumes      = {},
  OPTseries       = {},
  OPTnumber       = {},
  OPTnote         = {},
  OPTpublisher    = {},
  OPTlocation     = {},
  isbn         = {9780073528991},
  OPTchapter      = {},
  OPTpages        = {},
  OPTpagetotal    = {},
  OPTaddendum     = {},
  OPTpubstate     = {},
  OPTdoi          = {},
  OPTeprint       = {},
  OPTeprintclass  = {},
  OPTeprinttype   = {},
  OPTurl          = {},
  OPTurldate      = {},
  OPTannote       = {}
}
